@InProceedings{Casanova:2008:SGF:1397760.1398183,
  author =  {Casanova, Henri and Legrand, Arnaud and Quinson, Martin},
  title =  {SimGrid: a Generic Framework for Large-Scale Distributed Experiments},
  booktitle = {Proceedings of the Tenth International Conference on Computer Modeling and Simulation},
  series = {UKSIM '08},
  year = {2008},
  isbn = {978-0-7695-3114-4},
  pages = {126--131},
  numpages = {6},
  url = {http://dx.doi.org/10.1109/UKSIM.2008.28},
  doi = {10.1109/UKSIM.2008.28},
  acmid = {1398183},
  publisher = {IEEE Computer Society},
  address = {Washington, DC, USA},
}
