@Article{simgrid,
  hal_id = {hal-01017319},
  url = {http://hal.inria.fr/hal-01017319},
  title = {Versatile, Scalable, and Accurate Simulation of Distributed Applications and Platforms},
  author = {Casanova, Henri and Giersch, Arnaud and Legrand, Arnaud and Quinson, Martin and Suter, Fr{\'e}d{\'e}ric},
  publisher = {Elsevier},
  pages = {2899-2917},
  journal = {Journal of Parallel and Distributed Computing},
  volume = {74},
  number = {10},
  year = {2014},
  month = Jun,
}
